@article{george1973nested,
	author = {George, Alan},
	journal = siam_na,
	number = {2},
	pages = {345--363},
	title = {{Nested dissection of a regular finite element mesh}},
	volume = {10},
	year = {1973}}

@article{woodward1982explicit,
	author = {Woodward, JR},
	journal = {The Computer Journal},
	number = {2},
	pages = {235--238},
	title = {The explicit quad tree as a structure for computer graphics},
	volume = {25},
	year = {1982}}

@article{samet1984quadtree,
	author = {Samet, Hanan},
	journal = {ACM Computing Surveys (CSUR)},
	number = {2},
	pages = {187--260},
	title = {The quadtree and related hierarchical data structures},
	volume = {16},
	year = {1984}}

@article{samet1985storing,
	author = {Samet, Hanan and Webber, Robert E},
	journal = {ACM Transactions on Graphics (TOG)},
	number = {3},
	pages = {182--222},
	title = {Storing a collection of polygons using quadtrees},
	volume = {4},
	year = {1985}}

@incollection{quarteroni1991theory,
	author = {Quarteroni, Alfio and Valli, Alberto},
	booktitle = {Applied and Industrial Mathematics},
	pages = {179--203},
	publisher = {Springer},
	title = {Theory and application of Steklov-Poincar{\'e} operators for boundary-value problems},
	year = {1991}}

@article{globisch1995parmesh,
	author = {Globisch, Gerhard},
	journal = {Parallel Computing},
	number = {3},
	pages = {509--524},
	title = {PARMESH---a parallel mesh generator},
	volume = {21},
	year = {1995}}

@article{swarztrauber1999fishpack,
	author = {Swarztrauber, P and Sweet, R and Adams, John C},
	journal = {UCAR Publication, July},
	title = {FISHPACK: Efficient FORTRAN subprograms for the solution of elliptic partial differential equations},
	year = {1999}}

@book{anderson1999lapack,
	author = {Anderson, Edward and Bai, Zhaojun and Bischof, Christian and Blackford, L Susan and Demmel, James and Dongarra, Jack and Du Croz, Jeremy and Greenbaum, Anne and Hammarling, Sven and McKenney, Alan and others},
	publisher = {SIAM},
	title = {LAPACK users' guide},
	year = {1999}}

@inproceedings{falgout2002hypre,
	author = {Falgout, Robert D and Yang, Ulrike Meier},
	booktitle = {International Conference on computational science},
	organization = {Springer},
	pages = {632--641},
	title = {hypre: A library of high performance preconditioners},
	year = {2002}}

@article{davis2004algorithm,
	author = {Davis, Timothy A},
	journal = {ACM Transactions on Mathematical Software (TOMS)},
	number = {2},
	pages = {196--199},
	title = {Algorithm 832: UMFPACK V4. 3---an unsymmetric-pattern multifrontal method},
	volume = {30},
	year = {2004}}

@article{cheng2006adaptive,
	author = {Cheng, Hongwei and Huang, Jingfang and Leiterman, Terry Jo},
	journal = {Journal of Computational Physics},
	number = {2},
	pages = {616--637},
	title = {An adaptive fast solver for the modified Helmholtz equation in two dimensions},
	volume = {211},
	year = {2006}}

@article{hornung2006managing,
	author = {Hornung, Richard D and Wissink, Andrew M and Kohn, Scott R},
	journal = {Engineering with Computers},
	pages = {181--195},
	title = {Managing complex data and geometry in parallel structured AMR applications},
	volume = {22},
	year = {2006}}

@book{vtkBook,
	author = {Will Schroeder and Ken Martin and Bill Lorensen},
	publisher = {Kitware},
	title = {The Visualization Toolkit (4th ed.)},
	year = {2006}}

@article{colella2009chombo,
	author = {Colella, Phillip and Graves, Daniel T and Ligocki, TJ and Martin, DF and Modiano, D and Serafini, DB and Van Straalen, B},
	journal = {Available at the Chombo website: http://seesar. lbl. gov/ANAG/chombo/(September 2008)},
	title = {Chombo software package for AMR applications design document},
	year = {2009}}

@article{burstedde2011p4est,
	author = {Carsten Burstedde and Lucas C. Wilcox and Omar Ghattas},
	journal = {SIAM Journal on Scientific Computing},
	number = {3},
	pages = {1103-1133},
	title = {{\texttt{p4est}}: Scalable Algorithms for Parallel Adaptive Mesh Refinement on Forests of Octrees},
	volume = {33},
	year = {2011}}

@article{gillman2012direct,
	author = {Gillman, Adrianna and Young, Patrick M and Martinsson, Per-Gunnar},
	journal = fmc,
	number = {2},
	pages = {217--247},
	title = {{A direct solver with O (N) complexity for integral equations on one-dimensional domains}},
	volume = {7},
	year = {2012}}

@incollection{HPV:VisIt,
	author = {Hank Childs and Eric Brugger and Brad Whitlock and Jeremy Meredith and Sean Ahern and David Pugmire and Kathleen Biagas and Mark Miller and Cyrus Harrison and Gunther H. Weber and Hari Krishnan and Thomas Fogal and Allen Sanderson and Christoph Garth and E. Wes Bethel and David Camp and Oliver R\"{u}bel and Marc Durant and Jean M. Favre and Paul Navr\'{a}til},
	booktitle = {High Performance Visualization--Enabling Extreme-Scale Scientific Insight},
	month = {October},
	pages = {357-372},
	title = {VisIt: An End-User Tool For Visualizing and Analyzing Very Large Data},
	year = {2012}}

@article{gillman2014direct,
	author = {Gillman, Adrianna and Martinsson, Per-Gunnar},
	journal = siam_sc,
	number = {4},
	pages = {A2023--A2046},
	title = {{A direct solver with O(N) complexity for variable coefficient elliptic PDEs discretized via a high-order composite spectral collocation method}},
	volume = {36},
	year = {2014}}

@article{martinsson2015hierarchical,
	author = {Martinsson, PG},
	journal = {arXiv preprint arXiv:1506.01308},
	title = {{The hierarchical Poincar{\'e}-Steklov (HPS) solver for elliptic PDEs: A tutorial}},
	year = {2015}}

@article{hao2016direct,
	author = {Hao, Sijia and Martinsson, Per-Gunnar},
	journal = {Journal of Computational and Applied Mathematics},
	pages = {419--434},
	title = {A direct solver for elliptic PDEs in three dimensions based on hierarchical merging of Poincar{\'e}--Steklov operators},
	volume = {308},
	year = {2016}}

@article{adams2016fishpack90,
	author = {Adams, John C and Swarztrauber, Paul N and Sweet, Roland},
	journal = {Astrophysics Source Code Library},
	pages = {ascl--1609},
	title = {FISHPACK90: Efficient fortran subprograms for the solution of separable elliptic partial differential equations},
	year = {2016}}

@article{peterseim2017eliminating,
	author = {Peterseim, Daniel},
	journal = {Mathematics of Computation},
	number = {305},
	pages = {1005--1036},
	title = {Eliminating the pollution effect in Helmholtz problems by local subscale correction},
	volume = {86},
	year = {2017}}

@article{calhoun2017forestclaw,
	author = {Calhoun, Donna and Burstedde, Carsten},
	journal = {arXiv preprint arXiv:1703.03116},
	title = {ForestClaw: A parallel algorithm for patch-based adaptive mesh refinement on a forest of quadtrees},
	year = {2017}}

@article{babb2018accelerated,
	author = {Babb, Tracy and Gillman, Adrianna and Hao, Sijia and Martinsson, Per-Gunnar},
	journal = {BIT Numerical Mathematics},
	number = {4},
	pages = {851--879},
	title = {An accelerated Poisson solver based on multidomain spectral discretization},
	volume = {58},
	year = {2018}}

@article{zhang2019amrex,
	author = {Zhang, Weiqun and Almgren, Ann and Beckner, Vince and Bell, John and Blaschke, Johannes and Chan, Cy and Day, Marcus and Friesen, Brian and Gott, Kevin and Graves, Daniel and others},
	journal = {The Journal of Open Source Software},
	number = {37},
	pages = {1370},
	title = {AMReX: a framework for block-structured adaptive mesh refinement},
	volume = {4},
	year = {2019}}

@article{geldermans2019adaptive,
	author = {Geldermans, Peter and Gillman, Adrianna},
	journal = siam_sc,
	number = {1},
	pages = {A292--A315},
	title = {{An adaptive high order direct solution technique for elliptic boundary value problems}},
	volume = {41},
	year = {2019}}

@book{martinsson2019fast,
	author = {Martinsson, Per-Gunnar},
	publisher = {SIAM},
	title = {{Fast direct solvers for elliptic PDEs}},
	year = {2019}}

@article{beams2020parallel,
	author = {Beams, Natalie N and Gillman, Adrianna and Hewett, Russell J},
	journal = cma,
	number = {4},
	pages = {996--1011},
	title = {{A parallel shared-memory implementation of a high-order accurate solution technique for variable coefficient Helmholtz problems}},
	volume = {79},
	year = {2020}}

@article{fortunato2020ultraspherical,
	author = {Fortunato, Daniel and Hale, Nicholas and Townsend, Alex},
	journal = jcp,
	pages = {110087},
	title = {{The ultraspherical spectral element method}},
	year = {2020}}

@article{dwarka2021pollution,
	author = {Dwarka, Vandana and Vuik, Cornelis},
	journal = {Journal of Computational and Applied Mathematics},
	pages = {113549},
	title = {Pollution and accuracy of solutions of the Helmholtz equation: A novel perspective from the eigenvalues},
	volume = {395},
	year = {2021}}

@article{dubey2022flash,
	author = {Dubey, Anshu and Weide, Klaus and O'Neal, Jared and Dhruv, Akash and Couch, Sean and Harris, J Austin and Klosterman, Tom and Jain, Rajeev and Rudi, Johann and Messer, Bronson and others},
	journal = {SoftwareX},
	pages = {101168},
	title = {Flash-X: A multiphysics simulation software instrument},
	volume = {19},
	year = {2022}}

@misc{chipman2023elliptic,
	author = {Damyn Chipman},
	howpublished = {Website},
	month = {January},
	title = {EllipticForest},
	year = {2023}}

@misc{Mathematica,
	author = {Wolfram Research{,} Inc.},
	title = {Mathematica, {V}ersion 13.3}}
