
@article{boussinesq1872theorie,
	author = {Boussinesq, Joseph},
	journal = {Journal de math{\'e}matiques pures et appliqu{\'e}es},
	pages = {55--108},
	title = {{Th{\'e}orie des ondes et des remous qui se propagent le long d'un canal rectangulaire horizontal, en communiquant au liquide contenu dans ce canal des vitesses sensiblement pareilles de la surface au fond}},
	year = {1872}}

@book{hestenes1952methods,
	author = {Hestenes, Magnus Rudolph and Stiefel, Eduard and others},
	number = {1},
	publisher = {NBS Washington, DC},
	title = {{Methods of conjugate gradients for solving linear systems}},
	volume = {49},
	year = {1952}}

@article{peregrine1967long,
	author = {Peregrine, D Howell},
	journal = jfm,
	number = {4},
	pages = {815--827},
	title = {{Long waves on a beach}},
	volume = {27},
	year = {1967}}

@article{chorin1967numerical,
	author = {Chorin, Alexandre Joel},
	journal = ams,
	number = {6},
	pages = {928--931},
	title = {{The numerical solution of the Navier-Stokes equations for an incompressible fluid}},
	volume = {73},
	year = {1967}}

@article{george1973nested,
	author = {George, Alan},
	journal = siam_na,
	number = {2},
	pages = {345--363},
	title = {{Nested dissection of a regular finite element mesh}},
	volume = {10},
	year = {1973}}

@article{swarztrauber1974direct,
	author = {Swarztrauber, Paul N},
	journal = {SIAM Journal on Numerical Analysis},
	number = {6},
	pages = {1136--1150},
	title = {A direct method for the discrete solution of separable elliptic equations},
	volume = {11},
	year = {1974}}

@article{brandt1977multi,
	author = {Brandt, Achi},
	journal = mc,
	number = {138},
	pages = {333--390},
	title = {Multi-level adaptive solutions to boundary-value problems},
	volume = {31},
	year = {1977}}

@article{lipton1979generalized,
	author = {Lipton, Richard J and Rose, Donald J and Tarjan, Robert Endre},
	journal = siam_na,
	number = {2},
	pages = {346--358},
	title = {{Generalized nested dissection}},
	volume = {16},
	year = {1979}}

@article{woodward1982explicit,
	author = {Woodward, JR},
	journal = {The Computer Journal},
	number = {2},
	pages = {235--238},
	title = {{The explicit quad tree as a structure for computer graphics}},
	volume = {25},
	year = {1982}}

@article{patera1984spectral,
	author = {Patera, Anthony T},
	journal = jcp,
	number = {3},
	pages = {468--488},
	title = {{A spectral element method for fluid dynamics: laminar flow in a channel expansion}},
	volume = {54},
	year = {1984}}

@article{samet1984quadtree,
	author = {Samet, Hanan},
	journal = {ACM Computing Surveys (CSUR)},
	number = {2},
	pages = {187--260},
	title = {{The quadtree and related hierarchical data structures}},
	volume = {16},
	year = {1984}}

@article{ortega1985solution,
	author = {Ortega, James M and Voigt, Robert G},
	journal = {SIAM Review},
	number = {2},
	pages = {149--240},
	title = {Solution of partial differential equations on vector and parallel computers},
	volume = {27},
	year = {1985}}

@article{samet1985storing,
	author = {Samet, Hanan and Webber, Robert E},
	journal = {ACM Transactions on Graphics (TOG)},
	number = {3},
	pages = {182--222},
	title = {{Storing a collection of polygons using quadtrees}},
	volume = {4},
	year = {1985}}

@article{saad1986gmres,
	author = {Saad, Youcef and Schultz, Martin H},
	journal = siam_ssc,
	number = {3},
	pages = {856--869},
	title = {{GMRES: A generalized minimal residual algorithm for solving nonsymmetric linear systems}},
	volume = {7},
	year = {1986}}

@article{bell1989second,
	author = {Bell, John B and Colella, Phillip and Glaz, Harland M},
	journal = {Journal of computational physics},
	number = {2},
	pages = {257--283},
	title = {A second-order projection method for the incompressible Navier-Stokes equations},
	volume = {85},
	year = {1989}}

@article{thompson1989adaptive,
	author = {Thompson, MC and Ferziger, Joel H},
	journal = jcp,
	number = {1},
	pages = {94--121},
	title = {{An adaptive multigrid technique for the incompressible Navier-Stokes equations}},
	volume = {82},
	year = {1989}}

@article{agoshkov1990generalized,
	author = {AGOSHKOV, VL and Lebedev, VI},
	title = {Generalized Schwartz algorithm with variable parameters},
	year = {1990}}

@incollection{quarteroni1991theory,
	author = {Quarteroni, Alfio and Valli, Alberto},
	booktitle = {Applied and Industrial Mathematics},
	pages = {179--203},
	publisher = {Springer},
	title = {{Theory and application of Steklov-Poincar{\'e} operators for boundary-value problems}},
	year = {1991}}

@article{globisch1995parmesh,
	author = {Globisch, Gerhard},
	journal = {Parallel Computing},
	number = {3},
	pages = {509--524},
	title = {{PARMESH---a parallel mesh generator}},
	volume = {21},
	year = {1995}}

@incollection{smith1997domain,
	author = {Smith, Barry F},
	booktitle = {Parallel Numerical Algorithms},
	pages = {225--243},
	publisher = {Springer},
	title = {Domain decomposition methods for partial differential equations},
	year = {1997}}

@article{gupta1997highly,
	author = {Gupta, Anshul and Karypis, George and Kumar, Vipin},
	journal = {IEEE Transactions on Parallel and Distributed systems},
	number = {5},
	pages = {502--520},
	title = {Highly scalable parallel algorithms for sparse matrix factorization},
	volume = {8},
	year = {1997}}

@book{trefethen1997numerical,
	author = {Trefethen, Lloyd N and Bau III, David},
	publisher = {SIAM},
	title = {{Numerical linear algebra}},
	volume = {50},
	year = {1997}}

@article{kagan1998new,
	author = {Kagan, Pavel and Fischer, Anath and Bar-Yoseph, Pinhas Z},
	journal = inme,
	number = {3},
	pages = {435--458},
	title = {{New B-Spline Finite Element approach for geometrical design and mechanical analysis}},
	volume = {41},
	year = {1998}}

@article{demmel1999asynchronous,
	author = {Demmel, James W and Gilbert, John R and Li, Xiaoye S},
	journal = {SIAM Journal on Matrix Analysis and Applications},
	number = {4},
	pages = {915--952},
	title = {An asynchronous parallel supernodal algorithm for sparse gaussian elimination},
	volume = {20},
	year = {1999}}

@article{swarztrauber1999fishpack,
	author = {Swarztrauber, P and Sweet, R and Adams, John C},
	journal = {UCAR Publication, July},
	title = {{FISHPACK: Efficient FORTRAN subprograms for the solution of elliptic partial differential equations}},
	year = {1999}}

@book{anderson1999lapack,
	author = {Anderson, Edward and Bai, Zhaojun and Bischof, Christian and Blackford, L Susan and Demmel, James and Dongarra, Jack and Du Croz, Jeremy and Greenbaum, Anne and Hammarling, Sven and McKenney, Alan and others},
	publisher = {SIAM},
	title = {{LAPACK users' guide}},
	year = {1999}}

@article{igel1999wave,
	author = {Igel, Heiner},
	journal = gi,
	number = {3},
	pages = {559--566},
	title = {{Wave propagation in three-dimensional spherical sections by the Chebyshev spectral method}},
	volume = {136},
	year = {1999}}

@book{briggs2000multigrid,
	author = {Briggs, William L and Henson, Van Emden and McCormick, Steve F},
	publisher = {SIAM},
	title = {{A multigrid tutorial}},
	year = {2000}}

@book{higham2002accuracy,
	author = {Higham, Nicholas J},
	publisher = {SIAM},
	title = {{Accuracy and stability of numerical algorithms}},
	year = {2002}}

@article{yang2002boomeramg,
	author = {Yang, Ulrike Meier and others},
	journal = {Applied Numerical Mathematics},
	number = {1},
	pages = {155--177},
	title = {BoomerAMG: A parallel algebraic multigrid solver and preconditioner},
	volume = {41},
	year = {2002}}

@inproceedings{falgout2002hypre,
	author = {Falgout, Robert D and Yang, Ulrike Meier},
	booktitle = {International Conference on computational science},
	organization = {Springer},
	pages = {632--641},
	title = {{hypre: A library of high performance preconditioners}},
	year = {2002}}

@article{martinsson2004fast,
	author = {P. Martinsson, V. Rokhlin},
	journal = jcp,
	title = {{A fast direct solver for boundary integral equations in two dimensions}},
	year = {2004}}

@article{davis2004algorithm,
	author = {Davis, Timothy A},
	journal = {ACM Transactions on Mathematical Software (TOMS)},
	number = {2},
	pages = {196--199},
	title = {{Algorithm 832: UMFPACK V4. 3---an unsymmetric-pattern multifrontal method}},
	volume = {30},
	year = {2004}}

@article{li2005superlu,
	author = {Xiaoye S. Li},
	journal = TOMS,
	number = {3},
	pages = {302-325},
	title = {An Overview of {SuperLU}: Algorithms, Implementation, and User Interface},
	volume = {31},
	year = {2005}}

@article{bergen2006massively,
	author = {Bergen, Benjamin and Gradl, Tobias and Hulsemann, Frank and Rude, Ulrich},
	journal = cse,
	number = {6},
	pages = {56--62},
	title = {{A massively parallel multigrid method for finite elements}},
	volume = {8},
	year = {2006}}

@article{luo2006p,
	author = {Luo, Hong and Baum, Joseph D and L{\"o}hner, Rainald},
	journal = jcp,
	number = {2},
	pages = {767--783},
	title = {{A p-multigrid discontinuous Galerkin method for the Euler equations on unstructured grids}},
	volume = {211},
	year = {2006}}

@article{chow2006survey,
	author = {Chow, Edmond and Falgout, Robert D and Hu, Jonathan J and Tuminaro, Raymond S and Yang, Ulrike Meier},
	journal = {Parallel processing for scientific computing},
	pages = {179--201},
	title = {A survey of parallelization techniques for multigrid solvers},
	year = {2006}}

@article{cheng2006adaptive,
	author = {Cheng, Hongwei and Huang, Jingfang and Leiterman, Terry Jo},
	journal = {Journal of Computational Physics},
	number = {2},
	pages = {616--637},
	title = {{An adaptive fast solver for the modified Helmholtz equation in two dimensions}},
	volume = {211},
	year = {2006}}

@book{kubatko2006development,
	author = {Kubatko, Ethan},
	publisher = {University of Notre Dame},
	title = {{Development, implementation, and verification of hp discontinuous Galerkin models for shallow water hydrodynamics and transport}},
	year = {2006}}

@article{hornung2006managing,
	author = {Hornung, Richard D and Wissink, Andrew M and Kohn, Scott R},
	journal = {Engineering with Computers},
	pages = {181--195},
	title = {{Managing complex data and geometry in parallel structured AMR applications}},
	volume = {22},
	year = {2006}}

@book{kitware2006vtkBook,
	author = {Will Schroeder and Ken Martin and Bill Lorensen},
	publisher = {Kitware},
	title = {{The Visualization Toolkit (4th ed.)}},
	year = {2006}}

@incollection{sheng2007algorithms,
	author = {Sheng, Zhifeng and Dewilde, Patrick and Chandrasekaran, Shivkumar},
	booktitle = {System theory, the Schur algorithm and multidimensional analysis},
	pages = {255--294},
	publisher = {Springer},
	title = {Algorithms to solve hierarchically semi-separable systems},
	year = {2007}}

@book{leveque2007finite,
	author = {LeVeque, Randall J},
	publisher = {SIAM},
	title = {{Finite difference methods for ordinary and partial differential equations: steady-state and time-dependent problems}},
	year = {2007}}

@electronic{dawson2008shallow,
	author = {Dawson, Clint and Mirabito, Christopher M},
	title = {The shallow water equations}}

@article{colella2009chombo,
	author = {Colella, Phillip and Graves, Daniel T and Ligocki, TJ and Martin, DF and Modiano, D and Serafini, DB and Van Straalen, B},
	journal = {Available at the Chombo website: http://seesar. lbl. gov/ANAG/chombo/(September 2008)},
	title = {{Chombo software package for AMR applications design document}},
	year = {2009}}

@article{lannes2009derivation,
	author = {Lannes, David and Bonneton, Philippe},
	journal = pf,
	number = {1},
	pages = {016601},
	title = {{Derivation of asymptotic two-dimensional time-dependent equations for surface water wave propagation}},
	volume = {21},
	year = {2009}}

@article{babich2010adaptive,
	author = {Babich, Ronald and Brannick, James and Brower, Richard C and Clark, MA and Manteuffel, Thomas A and McCormick, SF and Osborn, JC and Rebbi, C},
	journal = prl,
	number = {20},
	pages = {201602},
	title = {{Adaptive multigrid algorithm for the lattice Wilson-Dirac operator}},
	volume = {105},
	year = {2010}}

@book{quarteroni2010numerical,
	author = {Quarteroni, Alfio and Sacco, Riccardo and Saleri, Fausto},
	publisher = {Springer Science \& Business Media},
	title = {{Numerical mathematics}},
	volume = {37},
	year = {2010}}

@article{bonneton2011splitting,
	author = {Bonneton, Philippe and Chazel, Florent and Lannes, David and Marche, Fabien and Tissier, Marion},
	journal = jcp,
	number = {4},
	pages = {1479--1498},
	title = {{A splitting approach for the fully nonlinear and weakly dispersive Green-Naghdi model}},
	volume = {230},
	year = {2011}}

@article{burstedde2011p4est,
	author = {Carsten Burstedde and Lucas C. Wilcox and Omar Ghattas},
	journal = {SIAM Journal on Scientific Computing},
	number = {3},
	pages = {1103-1133},
	title = {{{\texttt{p4est}}: Scalable Algorithms for Parallel Adaptive Mesh Refinement on Forests of Octrees}},
	volume = {33},
	year = {2011}}

@article{gillman2012direct,
	author = {Gillman, Adrianna and Young, Patrick M and Martinsson, Per-Gunnar},
	journal = fmc,
	number = {2},
	pages = {217--247},
	title = {{A direct solver with O (N) complexity for integral equations on one-dimensional domains}},
	volume = {7},
	year = {2012}}

@inproceedings{sundar2012parallel,
	author = {Sundar, Hari and Biros, George and Burstedde, Carsten and Rudi, Johann and Ghattas, Omar and Stadler, Georg},
	booktitle = {SC'12: Proceedings of the International Conference on High Performance Computing, Networking, Storage and Analysis},
	organization = {IEEE},
	pages = {1--11},
	title = {Parallel geometric-algebraic multigrid on unstructured forests of octrees},
	year = {2012}}

@incollection{HPV:VisIt,
	author = {Hank Childs and Eric Brugger and Brad Whitlock and Jeremy Meredith and Sean Ahern and David Pugmire and Kathleen Biagas and Mark Miller and Cyrus Harrison and Gunther H. Weber and Hari Krishnan and Thomas Fogal and Allen Sanderson and Christoph Garth and E. Wes Bethel and David Camp and Oliver R\"{u}bel and Marc Durant and Jean M. Favre and Paul Navr\'{a}til},
	booktitle = {High Performance Visualization--Enabling Extreme-Scale Scientific Insight},
	month = {October},
	pages = {357-372},
	title = {VisIt: An End-User Tool For Visualizing and Analyzing Very Large Data},
	year = {2012}}

@article{MARTINSSON2013460,
	author = {P.G. Martinsson},
	journal = jcp,
	pages = {460-479},
	title = {{A direct solver for variable coefficient elliptic PDEs discretized via a composite spectral collocation method}},
	volume = {242},
	year = {2013}}

@article{olver2013fast,
	author = {Olver, Sheehan and Townsend, Alex},
	journal = siam_r,
	number = {3},
	pages = {462--489},
	title = {{A fast and well-conditioned spectral method}},
	volume = {55},
	year = {2013}}

@article{xia2013randomized,
	author = {Xia, Jianlin},
	journal = siam_ma,
	number = {1},
	pages = {197--227},
	title = {{Randomized sparse direct solvers}},
	volume = {34},
	year = {2013}}

@article{gillman2014direct,
	author = {Gillman, Adrianna and Martinsson, Per-Gunnar},
	journal = {SIAM Journal on Scientific Computing},
	number = {4},
	pages = {A2023--A2046},
	title = {{A direct solver with O(N) complexity for variable coefficient elliptic PDEs discretized via a high-order composite spectral collocation method}},
	volume = {36},
	year = {2014}}

@article{lannes2015new,
	author = {Lannes, David and Marche, Fabien},
	journal = jcp,
	pages = {238--268},
	title = {{A new class of fully nonlinear and weakly dispersive Green--Naghdi models for efficient 2D simulations}},
	volume = {282},
	year = {2015}}

@article{popinet2015quadtree,
	author = {Popinet, St{\'e}phane},
	journal = jcp,
	pages = {336--358},
	title = {{A quadtree-adaptive multigrid solver for the Serre--Green--Naghdi equations}},
	volume = {302},
	year = {2015}}

@article{donfack2015survey,
	author = {Donfack, Simplice and Dongarra, Jack and Faverge, Mathieu and Gates, Mark and Kurzak, Jakub and Luszczek, Piotr and Yamazaki, Ichitaro},
	journal = {Concurrency and Computation: Practice and Experience},
	number = {5},
	pages = {1292--1309},
	title = {A survey of recent developments in parallel implementations of Gaussian elimination},
	volume = {27},
	year = {2015}}

@article{townsend2015automatic,
	author = {Townsend, Alex and Olver, Sheehan},
	journal = jcp,
	pages = {106--123},
	title = {{The automatic solution of partial differential equations using a global spectral method}},
	volume = {299},
	year = {2015}}

@article{martinsson2015hierarchical,
	author = {Martinsson, PG},
	journal = {arXiv preprint arXiv:1506.01308},
	title = {{The hierarchical Poincar{\'e}-Steklov (HPS) solver for elliptic PDEs: A tutorial}},
	year = {2015}}

@article{hao2016direct,
	author = {Hao, Sijia and Martinsson, Per-Gunnar},
	journal = {Journal of Computational and Applied Mathematics},
	pages = {419--434},
	title = {{A direct solver for elliptic PDEs in three dimensions based on hierarchical merging of Poincar{\'e}--Steklov operators}},
	volume = {308},
	year = {2016}}

@article{adams2016fishpack90,
	author = {Adams, John C and Swarztrauber, Paul N and Sweet, Roland},
	journal = {Astrophysics Source Code Library},
	pages = {ascl--1609},
	title = {{FISHPACK90: Efficient fortran subprograms for the solution of separable elliptic partial differential equations}},
	year = {2016}}

@article{peterseim2017eliminating,
	author = {Peterseim, Daniel},
	journal = {Mathematics of Computation},
	number = {305},
	pages = {1005--1036},
	title = {{Eliminating the pollution effect in Helmholtz problems by local subscale correction}},
	volume = {86},
	year = {2017}}

@article{calhoun2017forestclaw,
	author = {Calhoun, Donna and Burstedde, Carsten},
	journal = {arXiv preprint arXiv:1703.03116},
	title = {{ForestClaw: A parallel algorithm for patch-based adaptive mesh refinement on a forest of quadtrees}},
	year = {2017}}

@article{babb2018accelerated,
	author = {Babb, Tracy and Gillman, Adrianna and Hao, Sijia and Martinsson, Per-Gunnar},
	journal = {BIT Numerical Mathematics},
	number = {4},
	pages = {851--879},
	title = {{An accelerated Poisson solver based on multidomain spectral discretization}},
	volume = {58},
	year = {2018}}

@techreport{liu2018butterflypack,
	author = {Liu, Yang},
	institution = {Lawrence Berkeley National Lab.(LBNL), Berkeley, CA (United States)},
	title = {ButterflyPACK},
	year = {2018}}

@article{zhang2019amrex,
	author = {Zhang, Weiqun and Almgren, Ann and Beckner, Vince and Bell, John and Blaschke, Johannes and Chan, Cy and Day, Marcus and Friesen, Brian and Gott, Kevin and Graves, Daniel and others},
	journal = {The Journal of Open Source Software},
	number = {37},
	pages = {1370},
	title = {{AMReX: a framework for block-structured adaptive mesh refinement}},
	volume = {4},
	year = {2019}}

@article{geldermans2019adaptive,
	author = {Geldermans, Peter and Gillman, Adrianna},
	journal = siam_sc,
	number = {1},
	pages = {A292--A315},
	title = {{An adaptive high order direct solution technique for elliptic boundary value problems}},
	volume = {41},
	year = {2019}}

@book{martinsson2019fast,
	author = {Martinsson, Per-Gunnar},
	publisher = {SIAM},
	title = {{Fast direct solvers for elliptic PDEs}},
	year = {2019}}

@article{beams2020parallel,
	author = {Beams, Natalie N and Gillman, Adrianna and Hewett, Russell J},
	journal = cma,
	number = {4},
	pages = {996--1011},
	title = {{A parallel shared-memory implementation of a high-order accurate solution technique for variable coefficient Helmholtz problems}},
	volume = {79},
	year = {2020}}

@article{burstedde2020parallel,
	author = {Burstedde, Carsten},
	journal = {ACM Transactions on Mathematical Software (TOMS)},
	number = {4},
	pages = {1--31},
	title = {{Parallel tree algorithms for AMR and non-standard data access}},
	volume = {46},
	year = {2020}}

@article{glusa2020scalable,
	author = {Glusa, Christian and Boman, Erik G and Chow, Edmond and Rajamanickam, Sivasankaran and Szyld, Daniel B},
	journal = {SIAM Journal on Scientific Computing},
	number = {6},
	pages = {C384--C409},
	title = {Scalable asynchronous domain decomposition solvers},
	volume = {42},
	year = {2020}}

@article{fortunato2020ultraspherical,
	author = {Fortunato, Daniel and Hale, Nicholas and Townsend, Alex},
	journal = jcp,
	pages = {110087},
	title = {{The ultraspherical spectral element method}},
	year = {2020}}

@misc{petsc_gpu,
	author = {Mills, Richard Tran and Adams, Mark F. and Balay, Satish and Brown, Jed and Dener, Alp and Knepley, Matthew and Kruger, Scott E. and Morgan, Hannah and Munson, Todd and Rupp, Karl and Smith, Barry F. and Zampini, Stefano and Zhang, Hong and Zhang, Junchao},
	title = {Toward Performance-Portable PETSc for GPU-based Exascale Systems},
	year = {2020}}

@manual{mpi40,
	author = {{Message Passing Interface Forum}},
	title = {{MPI}: A Message-Passing Interface Standard Version 4.0},
	year = 2021}

@article{dwarka2021pollution,
	author = {Dwarka, Vandana and Vuik, Cornelis},
	journal = {Journal of Computational and Applied Mathematics},
	pages = {113549},
	title = {{Pollution and accuracy of solutions of the Helmholtz equation: A novel perspective from the eigenvalues}},
	volume = {395},
	year = {2021}}

@misc{exascale,
	author = {Department of Energy},
	howpublished = {\url=https://www.exascaleproject.org},
	month = {April},
	title = {Exascale Computing Project},
	year = {2021}}

@article{dubey2022flash,
	author = {Dubey, Anshu and Weide, Klaus and O'Neal, Jared and Dhruv, Akash and Couch, Sean and Harris, J Austin and Klosterman, Tom and Jain, Rajeev and Rudi, Johann and Messer, Bronson and others},
	journal = {SoftwareX},
	pages = {101168},
	title = {{Flash-X: A multiphysics simulation software instrument}},
	volume = {19},
	year = {2022}}

@misc{gitflow,
	howpublished = {\url=https://www.atlassian.com/git/tutorials/comparing-workflows/gitflow-workflow},
	title = {Gitflow Workflow},
	year = {2022}}

@inproceedings{yesypenko2022gpu,
	author = {Yesypenko, Anna and Martinsson, Per-Gunnar},
	booktitle = {International Conference on Domain Decomposition Methods},
	organization = {Springer},
	pages = {519--528},
	title = {GPU Optimizations for the Hierarchical Poincar{\'e}-Steklov Scheme},
	year = {2022}}

@article{trott2022kokkos,
	author = {Trott, Christian R. and Lebrun-Grandi{\'e}, Damien and Arndt, Daniel and Ciesko, Jan and Dang, Vinh and Ellingwood, Nathan and Gayatri, Rahulkumar and Harvey, Evan and Hollman, Daisy S. and Ibanez, Dan and Liber, Nevin and Madsen, Jonathan and Miles, Jeff and Poliakoff, David and Powell, Amy and Rajamanickam, Sivasankaran and Simberg, Mikael and Sunderland, Dan and Turcksin, Bruno and Wilke, Jeremiah},
	journal = {IEEE Transactions on Parallel and Distributed Systems},
	number = {4},
	pages = {805-817},
	title = {Kokkos 3: Programming Model Extensions for the Exascale Era},
	volume = {33},
	year = {2022}}

@article{yesypenko2022parallel,
	author = {Yesypenko, Anna and Martinsson, Per-Gunnar},
	journal = {arXiv preprint arXiv:2211.14969},
	title = {Parallel Optimizations for the Hierarchical Poincar$\backslash$'e-Steklov Scheme (HPS)},
	year = {2022}}

@misc{balay2022petsc,
	author = {Satish Balay and Shrirang Abhyankar and Mark~F. Adams and Steven Benson and Jed Brown and Peter Brune and Kris Buschelman and Emil~M. Constantinescu and Lisandro Dalcin and Alp Dener and Victor Eijkhout and William~D. Gropp and V\'{a}clav Hapla and Tobin Isaac and Pierre Jolivet and Dmitry Karpeev and Dinesh Kaushik and Matthew~G. Knepley and Fande Kong and Scott Kruger and Dave~A. May and Lois Curfman McInnes and Richard Tran Mills and Lawrence Mitchell and Todd Munson and Jose~E. Roman and Karl Rupp and Patrick Sanan and Jason Sarich and Barry~F. Smith and Stefano Zampini and Hong Zhang and Hong Zhang and Junchao Zhang},
	howpublished = {\url{https://petsc.org/}},
	title = {{PETS}c {W}eb page},
	year = {2022}}

@misc{aiton2022thunderegg,
	author = {Scott Aiton and Donna Calhoun and Grady Wright},
	howpublished = {url=https://github.com/ThunderEgg/ThunderEgg},
	title = {ThunderEgg},
	year = {2022}}

@misc{chipman2022fc2dhps,
	author = {Damyn Chipman and Donna Calhoun},
	howpublished = {\url{https://github.com/ForestClaw/fc2d_hps}},
	month = {April},
	title = {FC2D_HPS},
	year = {2022}}

@misc{chipman2023elliptic,
	author = {Damyn Chipman},
	howpublished = {Website},
	month = {January},
	title = {{EllipticForest}},
	year = {2023}}

@techreport{anl2023petsc,
	author = {Satish Balay and Shrirang Abhyankar and Mark~F. Adams and Steven Benson and Jed Brown and Peter Brune and Kris Buschelman and Emil Constantinescu and Lisandro Dalcin and Alp Dener and Victor Eijkhout and Jacob Faibussowitsch and William~D. Gropp and V\'{a}clav Hapla and Tobin Isaac and Pierre Jolivet and Dmitry Karpeev and Dinesh Kaushik and Matthew~G. Knepley and Fande Kong and Scott Kruger and Dave~A. May and Lois Curfman McInnes and Richard Tran Mills and Lawrence Mitchell and Todd Munson and Jose~E. Roman and Karl Rupp and Patrick Sanan and Jason Sarich and Barry~F. Smith and Stefano Zampini and Hong Zhang and Hong Zhang and Junchao Zhang},
	institution = {Argonne National Laboratory},
	number = {ANL-21/39 - Revision 3.20},
	title = {{PETSc/TAO} Users Manual},
	year = {2023}}

@misc{chipman2024fast,
	author = {Damyn Chipman and Donna Calhoun and Carsten Burstedde},
	title = {A Fast Direct Solver for Elliptic PDEs on a Hierarchy of Adaptively Refined Quadtrees},
	year = {2024}}

@article{chipman2024ellipticforest,
	author = {Chipman, Damyn},
	journal = {Journal of Open Source Software},
	number = {96},
	pages = {6339},
	title = {EllipticForest: A Direct Solver Library for Elliptic Partial Differential Equations on Adaptive Meshes},
	volume = {9},
	year = {2024}}

@misc{wolfram2023mathematica,
	author = {Wolfram Research Inc.},
	year = {2023},
	title = {{Mathematica, Version 13.3}}}


@book{bueler2020petsc,
	author = {Bueler, Ed},
	publisher = {SIAM},
	title = {PETSc For partial differential equations: Numerical solutions in C and Python},
	year = {2020}}

@book{thomee2007galerkin,
	title={Galerkin finite element methods for parabolic problems},
	author={Thom{\'e}e, Vidar},
	volume={25},
	year={2007},
	publisher={Springer Science \& Business Media}}

@book{giraldo2020introduction,
	title={An introduction to element-based Galerkin methods on tensor-product bases: Analysis, algorithms, and applications},
	author={Giraldo, Francis X},
	volume={24},
	year={2020},
	publisher={Springer Nature}}

@article{berger1989local,
	title={Local adaptive mesh refinement for shock hydrodynamics},
	author={Berger, Marsha J and Colella, Phillip},
	journal={Journal of computational Physics},
	volume={82},
	number={1},
	pages={64--84},
	year={1989},
	publisher={Elsevier}}

@article{berger1984adaptive,
	title={Adaptive mesh refinement for hyperbolic partial differential equations},
	author={Berger, Marsha J and Oliger, Joseph},
	journal={Journal of computational Physics},
	volume={53},
	number={3},
	pages={484--512},
	year={1984},
	publisher={Elsevier}}

@article{liu1992multifrontal,
	title={The multifrontal method for sparse matrix solution: Theory and practice},
	author={Liu, Joseph WH},
	journal={SIAM review},
	volume={34},
	number={1},
	pages={82--109},
	year={1992},
	publisher={SIAM}}